@article{Alday:2007hr,
      author         = "Alday, Luis F. and Maldacena, Juan Martin",
      title          = "{Gluon scattering amplitudes at strong coupling}",
      journal        = "JHEP",
      volume         = "0706",
      pages          = "064",
      doi            = "10.1088/1126-6708/2007/06/064",
      year           = "2007",
      eprint         = "0705.0303",
      archivePrefix  = "arXiv",
      primaryClass   = "hep-th",
      reportNumber   = "SPIN-07-16, ITP-UU-07-24",
      SLACcitation   = "%%CITATION = ARXIV:0705.0303;%%",
}
%%%%%%%%%%%%%%%%%%%%%%%%%%%%%%%%%%%%%%%%%%%%%%%%%%%%%%%%%%%%%%%%%%%%%%%%%%%%%%%%%%%%%%%%%
@article{Alday:2008yw,
      author         = "Alday, Luis F. and Roiban, Radu",
      title          = "{Scattering Amplitudes, Wilson Loops and the String/Gauge
                        Theory Correspondence}",
      journal        = "Phys.Rept.",
      volume         = "468",
      pages          = "153-211",
      doi            = "10.1016/j.physrep.2008.08.002",
      year           = "2008",
      eprint         = "0807.1889",
      archivePrefix  = "arXiv",
      primaryClass   = "hep-th",
      SLACcitation   = "%%CITATION = ARXIV:0807.1889;%%",
}
%%%%%%%%%%%%%%%%%%%%%%%%%%%%%%%%%%%%%%%%%%%%%%%%%%%%%%%%%%%%%%%%%%%%%%%%%%%%%%%%%%%%%%%%%
@article{Alday:2010kn,
      author         = "Alday, Luis F.",
      title          = "{Review of AdS/CFT Integrability, Chapter V.3: Scattering
                        Amplitudes at Strong Coupling}",
      journal        = "Lett.Math.Phys.",
      volume         = "99",
      pages          = "507-528",
      doi            = "10.1007/s11005-011-0518-5",
      year           = "2012",
      eprint         = "1012.4003",
      archivePrefix  = "arXiv",
      primaryClass   = "hep-th",
      SLACcitation   = "%%CITATION = ARXIV:1012.4003;%%",
}
%%%%%%%%%%%%%%%%%%%%%%%%%%%%%%%%%%%%%%%%%%%%%%%%%%%%%%%%%%%%%%%%%%%%%%%%%%%%%%%%%%%%%%%%%
@article{Maldacena:1997re,
      author         = "Maldacena, Juan Martin",
      title          = "{The Large N limit of superconformal field theories and
                        supergravity}",
      journal        = "Adv.Theor.Math.Phys.",
      volume         = "2",
      pages          = "231-252",
      year           = "1998",
      eprint         = "hep-th/9711200",
      archivePrefix  = "arXiv",
      primaryClass   = "hep-th",
      reportNumber   = "HUTP-97-A097",
      SLACcitation   = "%%CITATION = HEP-TH/9711200;%%",
}
%%%%%%%%%%%%%%%%%%%%%%%%%%%%%%%%%%%%%%%%%%%%%%%%%%%%%%%%%%%%%%%%%%%%%%%%%%%%%%%%%%%%%%%%%
@article{HalpernSiegel,
      author         = "Halpern, M B. and Siegel, W.",
      title          = "{The Particle Limit of Field Theory: A New Strong
                        Coupling Expansion}",
      journal        = "Phys.Rev.",
      volume         = "D16",
      pages          = "2486",
      year           = "1977",
      doi            = "10.1103/PhysRevD.16.2486",
      %url            = "http://dx.doi.org/10.1103/PhysRevD.16.2486"
      reportNumber   = "LBL-6421",
      SLACcitation   = "%%CITATION = PHRVA,D16,2486;%%",
}
%%%%%%%%%%%%%%%%%%%%%%%%%%%%%%%%%%%%%%%%%%%%%%%%%%%%%%%%%%%%%%%%%%%%%%%%%%%%%%%%%%%%%%%%%
@article{VanVleck,
      author         = "Van Vleck, J H.",
      title          = "{The Correspondence Principle in the Statistical
                        Interpretation of Quantum Mechanics}",
      journal        = "Proc.Nat.Acad.Sci.",
      volume         = "14",
      pages          = "178-188",
      doi            = "10.1073/pnas.14.2.178",
      %url = {http://dx.doi.org/10.1073/pnas.14.2.178} ,
      year           = "1928",
      SLACcitation   = "%%CITATION = PNASA,14,178;%%",
}
%%%%%%%%%%%%%%%%%%%%%%%%%%%%%%%%%%%%%%%%%%%%%%%%%%%%%%%%%%%%%%%%%%%%%%%%%%%%%%%%%%%%%%%%%
@article{LeeSawyer,
      author         = "Lee, B W. and Sawyer, R F.",
      title          = "{Regge Poles and High-Energy Limits in Field Theory}",
      journal        = "Phys.Rev.",
      volume         = "127",
      pages          = "2266-2273",
      doi            = "10.1103/PhysRev.127.2266",
      year           = "1962",
      SLACcitation   = "%%CITATION = PHRVA,127,2266;%%",
}
%%%%%%%%%%%%%%%%%%%%%%%%%%%%%%%%%%%%%%%%%%%%%%%%%%%%%%%%%%%%%%%%%%%%%%%%%%%%%%%%%%%%%%%%%
@book{CartierMorette,
	  author = {Cartier, P. and DeWitt-Morette, C.},
	  title = {Functional Integration},
	  year = {2006},
	  publisher = {Cambridge University Press}
}
%%%%%%%%%%%%%%%%%%%%%%%%%%%%%%%%%%%%%%%%%%%%%%%%%%%%%%%%%%%%%%%%%%%%%%%%%%%%%%%%%%%%%%%%%
@article{PvN,
      author         = "van Nieuwenhuizen, P.",
      title          = "{Muon-electron scattering cross-section to order
                        alpha-to-the-third}",
      journal        = "Nucl.Phys.",
      volume         = "B28",
      pages          = "429-454",
      doi            = "10.1016/0550-3213(71)90009-5",
      year           = "1971",
      SLACcitation   = "%%CITATION = NUPHA,B28,429;%%",
}
%%%%%%%%%%%%%%%%%%%%%%%%%%%%%%%%%%%%%%%%%%%%%%%%%%%%%%%%%%%%%%%%%%%%%%%%%%%%%%%%%%%%%%%%%
@article{tHVelt,
      author         = "'t Hooft, Gerard and Veltman, M J G.",
      title          = "{Scalar One Loop Integrals}",
      journal        = "Nucl.Phys.",
      volume         = "B153",
      pages          = "365-401",
      doi            = "10.1016/0550-3213(79)90605-9",
      year           = "1979",
      reportNumber   = "PRINT-79-0134 (UTRECHT)",
      SLACcitation   = "%%CITATION = NUPHA,B153,365;%%",
}
%%%%%%%%%%%%%%%%%%%%%%%%%%%%%%%%%%%%%%%%%%%%%%%%%%%%%%%%%%%%%%%%%%%%%%%%%%%%%%%%%%%%%%%%%
@article{AbarbItzyk,
      author         = "Abarbanel, Henry D I. and Itzykson, Claude",
      title          = "{Relativistic eikonal expansion}",
      journal        = "Phys.Rev.Lett.",
      volume         = "23",
      pages          = "53",
      doi            = "10.1103/PhysRevLett.23.53",
      year           = "1969",
      SLACcitation   = "%%CITATION = PRLTA,23,53;%%",
}
%%%%%%%%%%%%%%%%%%%%%%%%%%%%%%%%%%%%%%%%%%%%%%%%%%%%%%%%%%%%%%%%%%%%%%%%%%%%%%%%%%%%%%%%%
@article{tHooftPL,
      author         = "'t Hooft, Gerard",
      title          = "{Graviton dominance in ultra-high-energy scattering}",
      journal        = "Phys.Lett.",
      volume         = "B198",
      pages          = "61-63",
      doi            = "10.1016/0370-2693(87)90159-6",
      year           = "1987",
      SLACcitation   = "%%CITATION = PHLTA,B198,61;%%",
}
%%%%%%%%%%%%%%%%%%%%%%%%%%%%%%%%%%%%%%%%%%%%%%%%%%%%%%%%%%%%%%%%%%%%%%%%%%%%%%%%%%%%%%%%%
@article{tHooftNPB,
      author         = "'t Hooft, Gerard",
      title          = "{On the factorization of universal poles in a theory of gravitating point particles}",
      journal        = "Nucl.Phys.",
      volume         = "B304",
      pages          = "867-876",
      doi            = "10.1016/0550-3213(88)90659-1",
      year           = "1988",
      SLACcitation   = "%%CITATION = NUPHA,B304,867;%%",
}
%%%%%%%%%%%%%%%%%%%%%%%%%%%%%%%%%%%%%%%%%%%%%%%%%%%%%%%%%%%%%%%%%%%%%%%%%%%%%%%%%%%%%%%%%
@article{KabatOrtiz,
      author         = "Kabat, Daniel N. and Ortiz, Miguel",
      title          = "{Eikonal quantum gravity and Planckian scattering}",
      journal        = "Nucl.Phys.",
      volume         = "B388",
      pages          = "570-592",
      doi            = "10.1016/0550-3213(92)90627-N",
      year           = "1992",
      eprint         = "hep-th/9203082",
      archivePrefix  = "arXiv",
      primaryClass   = "hep-th",
      reportNumber   = "MIT-CTP-2069",
      SLACcitation   = "%%CITATION = HEP-TH/9203082;%%",
}
%%%%%%%%%%%%%%%%%%%%%%%%%%%%%%%%%%%%%%%%%%%%%%%%%%%%%%%%%%%%%%%%%%%%%%%%%%%%%%%%%%%%%%%%%
@article{Dittrich,
      author         = "Dittrich, Walter",
      title          = "{High-Energy Limit Versus Infinite-Mass Limit in the
                        Coulomb Problem}",
      journal        = "J.Phys.",
      volume         = "A7",
      pages          = "2273",
      doi            = "10.1088/0305-4470/7/18/007",
      year           = "1974",
      reportNumber   = "Print-74-0981 (TUBINGEN)",
      SLACcitation   = "%%CITATION = PRINT-74-0981 (TUBINGEN) ETC.;%%",
}
%%%%%%%%%%%%%%%%%%%%%%%%%%%%%%%%%%%%%%%%%%%%%%%%%%%%%%%%%%%%%%%%%%%%%%%%%%%%%%%%%%%%%%%%%
@article{Singh,
      author         = "Singh, V.",
      title          = "{Analyticity in the Complex Angular Momentum Plane of the Coulomb Scattering Amplitude}",
      journal        = "Phys.Rev.",
      volume         = "127",
      pages          = "632-636",
      doi            = "10.1103/PhysRev.127.632",
      year           = "1962",
      SLACcitation   = "%%CITATION = PHRVA,127,632;%%",
}
%%%%%%%%%%%%%%%%%%%%%%%%%%%%%%%%%%%%%%%%%%%%%%%%%%%%%%%%%%%%%%%%%%%%%%%%%%%%%%%%%%%%%%%%%
@article{BIZJ,
      author         = "Brezin, E. and Itzykson, C. and Zinn-Justin, Jean",
      title          = "{Relativistic Balmer formula including recoil effects}",
      journal        = "Phys.Rev.",
      volume         = "D1",
      pages          = "2349-2355",
      doi            = "10.1103/PhysRevD.1.2349",
      year           = "1970",
      SLACcitation   = "%%CITATION = PHRVA,D1,2349;%%",
}
%%%%%%%%%%%%%%%%%%%%%%%%%%%%%%%%%%%%%%%%%%%%%%%%%%%%%%%%%%%%%%%%%%%%%%%%%%%%%%%%%%%%%%%%%
@book{ZinnJustin,
	  author = {Zinn-Justin, J.},
	  title = {Path Integrals in Quantum Mechanics},
	  year = {2010},
	  publisher = {Oxford University Press}
}
%%%%%%%%%%%%%%%%%%%%%%%%%%%%%%%%%%%%%%%%%%%%%%%%%%%%%%%%%%%%%%%%%%%%%%%%%%%%%%%%%%%%%%%%%
@article{LevySucher1,
      author         = "Levy, Maurice and Sucher, Joseph",
      title          = "{Eikonal approximation in quantum field theory}",
      journal        = "Phys.Rev.",
      volume         = "186",
      pages          = "1656-1670",
      doi            = "10.1103/PhysRev.186.1656",
      year           = "1969",
      SLACcitation   = "%%CITATION = PHRVA,186,1656;%%",
}
%%%%%%%%%%%%%%%%%%%%%%%%%%%%%%%%%%%%%%%%%%%%%%%%%%%%%%%%%%%%%%%%%%%%%%%%%%%%%%%%%%%%%%%%%
@article{ChangMa,
      author         = "Chang, Shau-Jin and Ma, Shang-Keng",
      title          = "{Multiphoton exchange amplitudes at infinite energy}",
      journal        = "Phys.Rev.",
      volume         = "188",
      pages          = "2385-2404",
      doi            = "10.1103/PhysRev.188.2385",
      year           = "1969",
      SLACcitation   = "%%CITATION = PHRVA,188,2385;%%",
}
%%%%%%%%%%%%%%%%%%%%%%%%%%%%%%%%%%%%%%%%%%%%%%%%%%%%%%%%%%%%%%%%%%%%%%%%%%%%%%%%%%%%%%%%%
@article{ChengWuPRL,
      author         = "Cheng, Hung and Wu, Tai Tsun",
      title          = "{High-energy elastic scattering in quantum
                        electrodynamics}",
      journal        = "Phys.Rev.Lett.",
      volume         = "22",
      pages          = "666",
      doi            = "10.1103/PhysRevLett.22.666",
      year           = "1969",
      SLACcitation   = "%%CITATION = PRLTA,22,666;%%",
}
%%%%%%%%%%%%%%%%%%%%%%%%%%%%%%%%%%%%%%%%%%%%%%%%%%%%%%%%%%%%%%%%%%%%%%%%%%%%%%%%%%%%%%%%%
@article{ChengWuPR1,
      author         = "Cheng, Hung and Wu, Tai Tsun",
      title          = "{High-energy collision processes in quantum
                        electrodynamics. I}",
      journal        = "Phys.Rev.",
      volume         = "182",
      pages          = "1852-1867",
      doi            = "10.1103/PhysRev.182.1852",
      year           = "1969",
      SLACcitation   = "%%CITATION = PHRVA,182,1852;%%",
}
%%%%%%%%%%%%%%%%%%%%%%%%%%%%%%%%%%%%%%%%%%%%%%%%%%%%%%%%%%%%%%%%%%%%%%%%%%%%%%%%%%%%%%%%%
@article{ChengWuPR2,
      author         = "Cheng, Hung and Wu, Tai Tsun",
      title          = "{High-energy collision processes in quantum
                        electrodynamics. II}",
      journal        = "Phys.Rev.",
      volume         = "182",
      pages          = "1868-1872",
      doi            = "10.1103/PhysRev.182.1868",
      year           = "1969",
      SLACcitation   = "%%CITATION = PHRVA,182,1868;%%",
}
%%%%%%%%%%%%%%%%%%%%%%%%%%%%%%%%%%%%%%%%%%%%%%%%%%%%%%%%%%%%%%%%%%%%%%%%%%%%%%%%%%%%%%%%%
@article{ChengWuPR3,
      author         = "Cheng, Hung and Wu, Tai Tsun",
      title          = "{High-energy collision processes in quantum
                        electrodynamics. III}",
      journal        = "Phys.Rev.",
      volume         = "182",
      pages          = "1873-1898",
      doi            = "10.1103/PhysRev.182.1873",
      year           = "1969",
      SLACcitation   = "%%CITATION = PHRVA,182,1873;%%",
}
%%%%%%%%%%%%%%%%%%%%%%%%%%%%%%%%%%%%%%%%%%%%%%%%%%%%%%%%%%%%%%%%%%%%%%%%%%%%%%%%%%%%%%%%%
@article{ChengWuPR4,
      author         = "Cheng, Hung and Wu, Tai Tsun",
      title          = "{High-energy collision processes in quantum
                        electrodynamics. IV}",
      journal        = "Phys.Rev.",
      volume         = "182",
      pages          = "1899-1906",
      doi            = "10.1103/PhysRev.182.1899",
      year           = "1969",
      SLACcitation   = "%%CITATION = PHRVA,182,1899;%%",
}
%%%%%%%%%%%%%%%%%%%%%%%%%%%%%%%%%%%%%%%%%%%%%%%%%%%%%%%%%%%%%%%%%%%%%%%%%%%%%%%%%%%%%%%%%
@article{Fields,
      author         = "Siegel, Warren",
      title          = "{Fields}",
      year           = "1999",
      eprint         = "hep-th/9912205",
      archivePrefix  = "arXiv",
      primaryClass   = "hep-th",
      reportNumber   = "YITP-99-67A",
      %url = {http://arxiv.org/abs/hep-th/9912205},
      SLACcitation   = "%%CITATION = HEP-TH/9912205;%%",
}
%%%%%%%%%%%%%%%%%%%%%%%%%%%%%%%%%%%%%%%%%%%%%%%%%%%%%%%%%%%%%%%%%%%%%%%%%%%%%%%%%%%%%%%%%
@article{Wentzel,
	author={Wentzel, Gregor},
	title="{Eine Verallgemeinerung der Quantenbedingungen f\"{u}r die Zwecke der Wellenmechanik}",
	journal={Zeitschrift f\"{u}r Physik},
	volume={38},
	pages={518-529},
	doi={10.1007/BF01397171},
	year={1926},
	issn={0044-3328},
	number={6-7},
	%url={http://dx.doi.org/10.1007/BF01397171},
	publisher={Springer-Verlag},
	language={German}
}
%%%%%%%%%%%%%%%%%%%%%%%%%%%%%%%%%%%%%%%%%%%%%%%%%%%%%%%%%%%%%%%%%%%%%%%%%%%%%%%%%%%%%%%%%
@article{Kramers,
	author={Kramers, H A.},
	title="{Wellenmechanik und halbzahlige Quantisierung}",
	journal={Zeitschrift f\"{u}r Physik},
	volume={39},
	pages={828-840},
	doi={10.1007/BF01451751},
	year={1926},
	issn={0044-3328},
	number={10-11},
	%url={http://dx.doi.org/10.1007/BF01451751},
	publisher={Springer-Verlag},
	language={German}
}
%%%%%%%%%%%%%%%%%%%%%%%%%%%%%%%%%%%%%%%%%%%%%%%%%%%%%%%%%%%%%%%%%%%%%%%%%%%%%%%%%%%%%%%%%
@article{Jeffreys,
	author = {Jeffreys, Harold}, 
	title = {On Certain Approximate Solutions of Linear Differential Equations of the Second Order},
	journal = {Proc. London Math. Soc.},
	volume = {s2-23}, 
	number = {1}, 
	pages = {428-436}, 
	year = {1925}, 
	doi = {10.1112/plms/s2-23.1.428}, 
	%URL = {http://plms.oxfordjournals.org/content/s2-23/1/428.short}, 
	%eprint = {http://plms.oxfordjournals.org/content/s2-23/1/428.full.pdf+html}, 
}
%%%%%%%%%%%%%%%%%%%%%%%%%%%%%%%%%%%%%%%%%%%%%%%%%%%%%%%%%%%%%%%%%%%%%%%%%%%%%%%%%%%%%%%%%
@article{Brillouin,
	author = {Brillouin, L\'{e}on},
	title = "{La m\'{e}canique ondulatoire de Schr\"{o}dinger: une m\'{e}thode 		g\'{e}n\'{e}rale de resolution par approximations successives}",
	volume = {183},
	pages = {24-26},
	year = {1926},
	journal = {Comptes Rendus de l'Academie des Sciences}
}
%%%%%%%%%%%%%%%%%%%%%%%%%%%%%%%%%%%%%%%%%%%%%%%%%%%%%%%%%%%%%%%%%%%%%%%%%%%%%%%%%%%%%%%%%
@article{Bern:1990cu,
      author         = "Bern, Zvi and Kosower, David A.",
      title          = "{Efficient calculation of one loop QCD amplitudes}",
      journal        = "Phys.Rev.Lett.",
      volume         = "66",
      pages          = "1669-1672",
      doi            = "10.1103/PhysRevLett.66.1669",
      year           = "1991",
      reportNumber   = "FERMILAB-PUB-90-225-T, PITT-90-21",
      SLACcitation   = "%%CITATION = PRLTA,66,1669;%%",
}
%%%%%%%%%%%%%%%%%%%%%%%%%%%%%%%%%%%%%%%%%%%%%%%%%%%%%%%%%%%%%%%%%%%%%%%%%%%%%%%%%%%%%%%%%
@article{Bern:1991aq,
      author         = "Bern, Zvi and Kosower, David A.",
      title          = "{The computation of loop amplitudes in gauge theories}",
      journal        = "Nucl.Phys.",
      volume         = "B379",
      pages          = "451-561",
      doi            = "10.1016/0550-3213(92)90134-W",
      year           = "1992",
      reportNumber   = "FERMILAB-PUB-91-111-T, PITT-91-05",
      SLACcitation   = "%%CITATION = NUPHA,B379,451;%%",
}
%%%%%%%%%%%%%%%%%%%%%%%%%%%%%%%%%%%%%%%%%%%%%%%%%%%%%%%%%%%%%%%%%%%%%%%%%%%%%%%%%%%%%%%%%
@article{Bern:1991an,
      author         = "Bern, Zvi and Dunbar, David C.",
      title          = "{A mapping between Feynman and string motivated one loop
                        rules in gauge theories}",
      journal        = "Nucl.Phys.",
      volume         = "B379",
      pages          = "562-601",
      doi            = "10.1016/0550-3213(92)90135-X",
      year           = "1992",
      reportNumber   = "PITT-91-17, LTH-91-267",
      SLACcitation   = "%%CITATION = NUPHA,B379,562;%%",
}
%%%%%%%%%%%%%%%%%%%%%%%%%%%%%%%%%%%%%%%%%%%%%%%%%%%%%%%%%%%%%%%%%%%%%%%%%%%%%%%%%%%%%%%%%
@article{Roland:1992cc,
      author         = "Roland, Kaj",
      title          = "{Multiloop gluon amplitudes in pure gauge theories}",
      journal        = "Phys.Lett.",
      volume         = "B289",
      pages          = "148-152",
      doi            = "10.1016/0370-2693(92)91377-L",
      year           = "1992",
      reportNumber   = "SISSA-95-92-EP",
      SLACcitation   = "%%CITATION = PHLTA,B289,148;%%",
}
%%%%%%%%%%%%%%%%%%%%%%%%%%%%%%%%%%%%%%%%%%%%%%%%%%%%%%%%%%%%%%%%%%%%%%%%%%%%%%%%%%%%%%%%%
@article{Strassler:1992zr,
      author         = "Strassler, Matthew J.",
      title          = "{Field theory without Feynman diagrams: One loop
                        effective actions}",
      journal        = "Nucl.Phys.",
      volume         = "B385",
      pages          = "145-184",
      doi            = "10.1016/0550-3213(92)90098-V",
      year           = "1992",
      eprint         = "hep-ph/9205205",
      archivePrefix  = "arXiv",
      primaryClass   = "hep-ph",
      reportNumber   = "SLAC-PUB-5757",
      SLACcitation   = "%%CITATION = HEP-PH/9205205;%%",
}
%%%%%%%%%%%%%%%%%%%%%%%%%%%%%%%%%%%%%%%%%%%%%%%%%%%%%%%%%%%%%%%%%%%%%%%%%%%%%%%%%%%%%%%%%
@article{Gross:1987kza,
      author         = "Gross, David J. and Mende, Paul F.",
      title          = "{The High-Energy Behavior of String Scattering
                        Amplitudes}",
      journal        = "Phys.Lett.",
      volume         = "B197",
      pages          = "129",
      doi            = "10.1016/0370-2693(87)90355-8",
      year           = "1987",
      reportNumber   = "PUPT-1062",
      SLACcitation   = "%%CITATION = PHLTA,B197,129;%%",
}
%%%%%%%%%%%%%%%%%%%%%%%%%%%%%%%%%%%%%%%%%%%%%%%%%%%%%%%%%%%%%%%%%%%%%%%%%%%%%%%%%%%%%%%%%
@article{Gross:1987ar,
      author         = "Gross, David J. and Mende, Paul F.",
      title          = "{String Theory Beyond the Planck Scale}",
      journal        = "Nucl.Phys.",
      volume         = "B303",
      pages          = "407",
      doi            = "10.1016/0550-3213(88)90390-2",
      year           = "1988",
      reportNumber   = "PUPT-1067",
      SLACcitation   = "%%CITATION = NUPHA,B303,407;%%",
}
%%%%%%%%%%%%%%%%%%%%%%%%%%%%%%%%%%%%%%%%%%%%%%%%%%%%%%%%%%%%%%%%%%%%%%%%%%%%%%%%%%%%%%%%%
@article{Dalitz:1951ah,
      author         = "Dalitz, R H.",
      title          = "{On higher Born approximations in potential scattering}",
      journal        = "Proc.Roy.Soc.Lond.",
      volume         = "206",
      pages          = "509-520",
      doi            = "10.1098/rspa.1951.0085",
      year           = "1951",
      SLACcitation   = "%%CITATION = PRSLA,206,509;%%",
}
%%%%%%%%%%%%%%%%%%%%%%%%%%%%%%%%%%%%%%%%%%%%%%%%%%%%%%%%%%%%%%%%%%%%%%%%%%%%%%%%%%%%%%%%%
@article{Bloch:1937pw,
      author         = "Bloch, F. and Nordsieck, A.",
      title          = "{Note on the Radiation Field of the electron}",
      journal        = "Phys.Rev.",
      volume         = "52",
      pages          = "54-59",
      doi            = "10.1103/PhysRev.52.54",
      year           = "1937",
      reportNumber   = "RX-1199",
      SLACcitation   = "%%CITATION = PHRVA,52,54;%%",
}
%%%%%%%%%%%%%%%%%%%%%%%%%%%%%%%%%%%%%%%%%%%%%%%%%%%%%%%%%%%%%%%%%%%%%%%%%%%%%%%%%%%%%%%%%
@article{Weinberg:1965nx,
      author         = "Weinberg, Steven",
      title          = "{Infrared photons and gravitons}",
      journal        = "Phys.Rev.",
      volume         = "140",
      pages          = "B516-B524",
      doi            = "10.1103/PhysRev.140.B516",
      year           = "1965",
      SLACcitation   = "%%CITATION = PHRVA,140,B516;%%",
}
%%%%%%%%%%%%%%%%%%%%%%%%%%%%%%%%%%%%%%%%%%%%%%%%%%%%%%%%%%%%%%%%%%%%%%%%%%%%%%%%%%%%%%%%%
@article{Grammer:1973db,
      author         = "Grammer, G., Jr. and Yennie, D R.",
      title          = "{Improved treatment for the infrared divergence problem
                        in quantum electrodynamics}",
      journal        = "Phys.Rev.",
      volume         = "D8",
      pages          = "4332-4344",
      doi            = "10.1103/PhysRevD.8.4332",
      year           = "1973",
      SLACcitation   = "%%CITATION = PHRVA,D8,4332;%%",
}
%%%%%%%%%%%%%%%%%%%%%%%%%%%%%%%%%%%%%%%%%%%%%%%%%%%%%%%%%%%%%%%%%%%%%%%%%%%%%%%%%%%%%%%%%
@article{Yennie:1961ad,
      author         = "Yennie, D R. and Frautschi, Steven C. and Suura, H.",
      title          = "{The infrared divergence phenomena and high-energy
                        processes}",
      journal        = "Annals Phys.",
      volume         = "13",
      pages          = "379-452",
      doi            = "10.1016/0003-4916(61)90151-8",
      year           = "1961",
      SLACcitation   = "%%CITATION = APNYA,13,379;%%",
}
%%%%%%%%%%%%%%%%%%%%%%%%%%%%%%%%%%%%%%%%%%%%%%%%%%%%%%%%%%%%%%%%%%%%%%%%%%%%%%%%%%%%%%%%%
@article{Regge:1959mz,
      author         = "Regge, T.",
      title          = "{Introduction to complex orbital momenta}",
      journal        = "Nuovo Cim.",
      volume         = "14",
      pages          = "951",
      doi            = "10.1007/BF02728177",
      year           = "1959",
      SLACcitation   = "%%CITATION = NUCIA,14,951;%%",
}
%%%%%%%%%%%%%%%%%%%%%%%%%%%%%%%%%%%%%%%%%%%%%%%%%%%%%%%%%%%%%%%%%%%%%%%%%%%%%%%%%%%%%%%%%
@article{Regge:1960zc,
      author         = "Regge, T.",
      title          = "{Bound states, shadow states and Mandelstam
                        representation}",
      journal        = "Nuovo Cim.",
      volume         = "18",
      pages          = "947-956",
      doi            = "10.1007/BF02733035",
      year           = "1960",
      SLACcitation   = "%%CITATION = NUCIA,18,947;%%",
}
%%%%%%%%%%%%%%%%%%%%%%%%%%%%%%%%%%%%%%%%%%%%%%%%%%%%%%%%%%%%%%%%%%%%%%%%%%%%%%%%%%%%%%%%%
@book{Srednicki,
	author = {Srednicki, Mark},
	title = {Quantum Field Theory},
	year = {2007},
	publisher = {Cambridge University Press},
}
%%%%%%%%%%%%%%%%%%%%%%%%%%%%%%%%%%%%%%%%%%%%%%%%%%%%%%%%%%%%%%%%%%%%%%%%%%%%%%%%%%%%%%%%%
@book{Sterman,
	author = {Sterman, George},
	title = {An Introduction to Quantum Field Theory},
	year = {1993},
	publisher = {Cambridge University Press},
}
%%%%%%%%%%%%%%%%%%%%%%%%%%%%%%%%%%%%%%%%%%%%%%%%%%%%%%%%%%%%%%%%%%%%%%%%%%%%%%%%%%%%%%%%%
@book{Collins,
	author = {Collins, P D B.},
	title = {Regge theory and high energy physics},
	year = {1977},
	publisher = {Cambridge University Press},
}
%%%%%%%%%%%%%%%%%%%%%%%%%%%%%%%%%%%%%%%%%%%%%%%%%%%%%%%%%%%%%%%%%%%%%%%%%%%%%%%%%%%%%%%%%
@book{Gribov,
	author = {Gribov, V N.},
	title = {The Theory of Complex Angular Momenta},
	year = {2003},
	publisher = {Cambridge Univeristy Press},
}
%%%%%%%%%%%%%%%%%%%%%%%%%%%%%%%%%%%%%%%%%%%%%%%%%%%%%%%%%%%%%%%%%%%%%%%%%%%%%%%%%%%%%%%%%
@book{Eden,
	author = {Eden, R J.},
	title = {High Energy Collisions of Elementary Particles},
	year = {1967},
	publisher = {Cambridge University Press},
}
%%%%%%%%%%%%%%%%%%%%%%%%%%%%%%%%%%%%%%%%%%%%%%%%%%%%%%%%%%%%%%%%%%%%%%%%%%%%%%%%%%%%%%%%%
@book{SMatrixBook,
	author = {Eden, R J. and Landshoff, P V. and Olive, D I. and Polkinghorne, J C.},
	title = {The Analytic S-Matrix},
	year = {1966},
	publisher = {Cambridge University Press},
}
%%%%%%%%%%%%%%%%%%%%%%%%%%%%%%%%%%%%%%%%%%%%%%%%%%%%%%%%%%%%%%%%%%%%%%%%%%%%%%%%%%%%%%%%%
@inbook{Glauber,
	author = {Glauber, R J.},
	title = {High-Energy Collision Theory},
	booktitle = {Lectures in Theoretical Physics},
	year = {1959},
	editor = {Brittin, W.E. and Dunham, L.G.},
	volume = {1},
	publisher = {Interscience Publishers},
}
%%%%%%%%%%%%%%%%%%%%%%%%%%%%%%%%%%%%%%%%%%%%%%%%%%%%%%%%%%%%%%%%%%%%%%%%%%%%%%%%%%%%%%%%%
@article{Brink:1976uf,
      author         = "Brink, L. and Di Vecchia, P. and Howe, Paul S.",
      title          = "{A Lagrangian Formulation of the Classical and Quantum
                        Dynamics of Spinning Particles}",
      journal        = "Nucl.Phys.",
      volume         = "B118",
      pages          = "76",
      doi            = "10.1016/0550-3213(77)90364-9",
      year           = "1977",
      reportNumber   = "NBI-HE-76-8",
      SLACcitation   = "%%CITATION = NUPHA,B118,76;%%",
}
%%%%%%%%%%%%%%%%%%%%%%%%%%%%%%%%%%%%%%%%%%%%%%%%%%%%%%%%%%%%%%%%%%%%%%%%%%%%%%%%%%%%%%%%%
@article{Costa:2012cb,
      author         = "Costa, Miguel S. and Goncalves, Vasco and Penedones,
                        Joao",
      title          = "{Conformal Regge theory}",
      journal        = "JHEP",
      volume         = "1212",
      pages          = "091",
      doi            = "10.1007/JHEP12(2012)091",
      year           = "2012",
      eprint         = "1209.4355",
      archivePrefix  = "arXiv",
      primaryClass   = "hep-th",
      SLACcitation   = "%%CITATION = ARXIV:1209.4355;%%",
}
%%%%%%%%%%%%%%%%%%%%%%%%%%%%%%%%%%%%%%%%%%%%%%%%%%%%%%%%%%%%%%%%%%%%%%%%%%%%%%%%%%%%%%%%%
@article{Paulos:2011ie,
      author         = "Paulos, Miguel F.",
      title          = "{Towards Feynman rules for Mellin amplitudes}",
      journal        = "JHEP",
      volume         = "1110",
      pages          = "074",
      doi            = "10.1007/JHEP10(2011)074",
      year           = "2011",
      eprint         = "1107.1504",
      archivePrefix  = "arXiv",
      primaryClass   = "hep-th",
      SLACcitation   = "%%CITATION = ARXIV:1107.1504;%%",
}
%%%%%%%%%%%%%%%%%%%%%%%%%%%%%%%%%%%%%%%%%%%%%%%%%%%%%%%%%%%%%%%%%%%%%%%%%%%%%%%%%%%%%%%%%
@article{Fitzpatrick:2011ia,
      author         = "Fitzpatrick, A. Liam and Kaplan, Jared and Penedones,
                        Joao and Raju, Suvrat and van Rees, Balt C.",
      title          = "{A Natural Language for AdS/CFT Correlators}",
      journal        = "JHEP",
      volume         = "1111",
      pages          = "095",
      doi            = "10.1007/JHEP11(2011)095",
      year           = "2011",
      eprint         = "1107.1499",
      archivePrefix  = "arXiv",
      primaryClass   = "hep-th",
      reportNumber   = "SLAC-PUB-14506",
      SLACcitation   = "%%CITATION = ARXIV:1107.1499;%%",
}
%%%%%%%%%%%%%%%%%%%%%%%%%%%%%%%%%%%%%%%%%%%%%%%%%%%%%%%%%%%%%%%%%%%%%%%%%%%%%%%%%%%%%%%%%
@article{Cornalba:2006xk,
      author         = "Cornalba, Lorenzo and Costa, Miguel S. and Penedones,
                        Joao and Schiappa, Ricardo",
      title          = "{Eikonal Approximation in AdS/CFT: From Shock Waves to
                        Four-Point Functions}",
      journal        = "JHEP",
      volume         = "0708",
      pages          = "019",
      doi            = "10.1088/1126-6708/2007/08/019",
      year           = "2007",
      eprint         = "hep-th/0611122",
      archivePrefix  = "arXiv",
      primaryClass   = "hep-th",
      reportNumber   = "ROM2F-2006-25, LPTENS-06-49, CERN-PH-TH-2006-233",
      SLACcitation   = "%%CITATION = HEP-TH/0611122;%%",
}
%%%%%%%%%%%%%%%%%%%%%%%%%%%%%%%%%%%%%%%%%%%%%%%%%%%%%%%%%%%%%%%%%%%%%%%%%%%%%%%%%%%%%%%%%
@article{Cornalba:2006xm,
      author         = "Cornalba, Lorenzo and Costa, Miguel S. and Penedones,
                        Joao and Schiappa, Ricardo",
      title          = "{Eikonal Approximation in AdS/CFT: Conformal Partial
                        Waves and Finite N Four-Point Functions}",
      journal        = "Nucl.Phys.",
      volume         = "B767",
      pages          = "327-351",
      doi            = "10.1016/j.nuclphysb.2007.01.007",
      year           = "2007",
      eprint         = "hep-th/0611123",
      archivePrefix  = "arXiv",
      primaryClass   = "hep-th",
      reportNumber   = "ROM2F-2006-26, LPTENS-06-50, CERN-PH-TH-2006-234",
      SLACcitation   = "%%CITATION = HEP-TH/0611123;%%",
}
%%%%%%%%%%%%%%%%%%%%%%%%%%%%%%%%%%%%%%%%%%%%%%%%%%%%%%%%%%%%%%%%%%%%%%%%%%%%%%%%%%%%%%%%%
@article{Cornalba:2007zb,
      author         = "Cornalba, Lorenzo and Costa, Miguel S. and Penedones,
                        Joao",
      title          = "{Eikonal approximation in AdS/CFT: Resumming the
                        gravitational loop expansion}",
      journal        = "JHEP",
      volume         = "0709",
      pages          = "037",
      doi            = "10.1088/1126-6708/2007/09/037",
      year           = "2007",
      eprint         = "0707.0120",
      archivePrefix  = "arXiv",
      primaryClass   = "hep-th",
      reportNumber   = "ROM2F-2007-11, LPTENS-07-27",
      SLACcitation   = "%%CITATION = ARXIV:0707.0120;%%",
}
%%%%%%%%%%%%%%%%%%%%%%%%%%%%%%%%%%%%%%%%%%%%%%%%%%%%%%%%%%%%%%%%%%%%%%%%%%%%%%%%%%%%%%%%%
@article{Cornalba:2008qf,
      author         = "Cornalba, Lorenzo and Costa, Miguel S. and Penedones,
                        Joao",
      title          = "{Eikonal Methods in AdS/CFT: BFKL Pomeron at Weak
                        Coupling}",
      journal        = "JHEP",
      volume         = "0806",
      pages          = "048",
      doi            = "10.1088/1126-6708/2008/06/048",
      year           = "2008",
      eprint         = "0801.3002",
      archivePrefix  = "arXiv",
      primaryClass   = "hep-th",
      reportNumber   = "BICOCCA-FT-08-02, NSF-KITP-07-212",
      SLACcitation   = "%%CITATION = ARXIV:0801.3002;%%",
}
%%%%%%%%%%%%%%%%%%%%%%%%%%%%%%%%%%%%%%%%%%%%%%%%%%%%%%%%%%%%%%%%%%%%%%%%%%%%%%%%%%%%%%%%%
@article{Penedones:2007ns,
      author         = "Penedones, Joao",
      title          = "{High Energy Scattering in the AdS/CFT Correspondence}",
      year           = "2007",
      eprint         = "0712.0802",
      archivePrefix  = "arXiv",
      primaryClass   = "hep-th",
      SLACcitation   = "%%CITATION = ARXIV:0712.0802;%%",
}
%%%%%%%%%%%%%%%%%%%%%%%%%%%%%%%%%%%%%%%%%%%%%%%%%%%%%%%%%%%%%%%%%%%%%%%%%%%%%%%%%%%%%%%%%
@article{Denner:1991qq,
      author         = "Denner, Ansgar and Nierste, U. and Scharf, R.",
      title          = "{A Compact expression for the scalar one loop four point
                        function}",
      journal        = "Nucl.Phys.",
      volume         = "B367",
      pages          = "637-656",
      doi            = "10.1016/0550-3213(91)90011-L",
      year           = "1991",
      reportNumber   = "PRINT-91-0280 (WURZBURG)",
      SLACcitation   = "%%CITATION = NUPHA,B367,637;%%",
}
%%%%%%%%%%%%%%%%%%%%%%%%%%%%%%%%%%%%%%%%%%%%%%%%%%%%%%%%%%%%%%%%%%%%%%%%%%%%%%%%%%%%%%%%%
@book{ChengWuBook,
	author = {Cheng, H. and Wu, T T.},
	title = {Expanding Protons: Scattering at High Energies},
	year = {1987},
	publisher = {MIT Press},
}
%%%%%%%%%%%%%%%%%%%%%%%%%%%%%%%%%%%%%%%%%%%%%%%%%%%%%%%%%%%%%%%%%%%%%%%%%%%%%%%%%%%%%%%%%
@article{Collins:1971ff,
      author         = "Collins, P.D.B.",
      title          = "{Regge theory and particle physics}",
      journal        = "Phys.Rept.",
      volume         = "1",
      pages          = "103-234",
      doi            = "10.1016/0370-1573(71)90007-X",
      year           = "1971",
      SLACcitation   = "%%CITATION = PRPLC,1,103;%%",
}
%%%%%%%%%%%%%%%%%%%%%%%%%%%%%%%%%%%%%%%%%%%%%%%%%%%%%%%%%%%%%%%%%%%%%%%%%%%%%%%%%%%%%%%%%
@article{Hite:1969td,
      author         = "Hite, G E.",
      title          = "{Recent developments of the Regge pole model}",
      journal        = "Rev.Mod.Phys.",
      volume         = "41",
      pages          = "669-723",
      doi            = "10.1103/RevModPhys.41.669",
      year           = "1969",
      SLACcitation   = "%%CITATION = RMPHA,41,669;%%",
}
%%%%%%%%%%%%%%%%%%%%%%%%%%%%%%%%%%%%%%%%%%%%%%%%%%%%%%%%%%%%%%%%%%%%%%%%%%%%%%%%%%%%%%%%%
@article{Irving:1977ea,
      author         = "Irving, A C. and Worden, R P.",
      title          = "{Regge Phenomenology}",
      journal        = "Phys.Rept.",
      volume         = "34",
      pages          = "117-231",
      doi            = "10.1016/0370-1573(77)90010-2",
      year           = "1977",
      SLACcitation   = "%%CITATION = PRPLC,34,117;%%",
}
%%%%%%%%%%%%%%%%%%%%%%%%%%%%%%%%%%%%%%%%%%%%%%%%%%%%%%%%%%%%%%%%%%%%%%%%%%%%%%%%%%%%%%%%%
@article{Brower:1974yv,
      author         = "Brower, R C. and DeTar, Carleton E. and Weis, J H.",
      title          = "{Regge Theory for Multiparticle Amplitudes}",
      journal        = "Phys.Rept.",
      volume         = "14",
      pages          = "257",
      doi            = "10.1016/0370-1573(74)90012-X",
      year           = "1974",
      reportNumber   = "MIT-CTP-395, CERN-TH-1817",
      SLACcitation   = "%%CITATION = PRPLC,14,257;%%",
}
%%%%%%%%%%%%%%%%%%%%%%%%%%%%%%%%%%%%%%%%%%%%%%%%%%%%%%%%%%%%%%%%%%%%%%%%%%%%%%%%%%%%%%%%%
@article{Eden:1971jm,
      author         = "Eden, R J.",
      title          = "{Regge poles and elementary particles}",
      journal        = "Rept.Prog.Phys.",
      volume         = "34",
      pages          = "995-1053",
      doi            = "10.1088/0034-4885/34/3/304",
      year           = "1971",
      SLACcitation   = "%%CITATION = RPPHA,34,995;%%",
}
%%%%%%%%%%%%%%%%%%%%%%%%%%%%%%%%%%%%%%%%%%%%%%%%%%%%%%%%%%%%%%%%%%%%%%%%%%%%%%%%%%%%%%%%%
@article{Aharony:1999ti,
      author         = "Aharony, Ofer and Gubser, Steven S. and Maldacena, Juan
                        Martin and Ooguri, Hirosi and Oz, Yaron",
      title          = "{Large N field theories, string theory and gravity}",
      journal        = "Phys.Rept.",
      volume         = "323",
      pages          = "183-386",
      doi            = "10.1016/S0370-1573(99)00083-6",
      year           = "2000",
      eprint         = "hep-th/9905111",
      archivePrefix  = "arXiv",
      primaryClass   = "hep-th",
      reportNumber   = "CERN-TH-99-122, HUTP-99-A027, LBNL-43113, RU-99-18,
                        UCB-PTH-99-16, LBL-43113",
      SLACcitation   = "%%CITATION = HEP-TH/9905111;%%",
}
%%%%%%%%%%%%%%%%%%%%%%%%%%%%%%%%%%%%%%%%%%%%%%%%%%%%%%%%%%%%%%%%%%%%%%%%%%%%%%%%%%%%%%%%%
@article{Gross:1989ge,
      author         = "Gross, David J. and Ma\~{n}es, J L.",
      title          = "{The High-Energy Behavior of Open String Scattering}",
      journal        = "Nucl.Phys.",
      volume         = "B326",
      pages          = "73",
      doi            = "10.1016/0550-3213(89)90435-5",
      year           = "1989",
      reportNumber   = "PUPT-1116",
      SLACcitation   = "%%CITATION = NUPHA,B326,73;%%",
}
%%%%%%%%%%%%%%%%%%%%%%%%%%%%%%%%%%%%%%%%%%%%%%%%%%%%%%%%%%%%%%%%%%%%%%%%%%%%%%%%%%%%%%%%%
@article{Bern:2005iz,
      author         = "Bern, Zvi and Dixon, Lance J. and Smirnov, Vladimir A.",
      title          = "{Iteration of planar amplitudes in maximally
                        supersymmetric Yang-Mills theory at three loops and
                        beyond}",
      journal        = "Phys.Rev.",
      volume         = "D72",
      pages          = "085001",
      doi            = "10.1103/PhysRevD.72.085001",
      year           = "2005",
      eprint         = "hep-th/0505205",
      archivePrefix  = "arXiv",
      primaryClass   = "hep-th",
      reportNumber   = "SLAC-PUB-11210, UCLA-05-TEP-14",
      SLACcitation   = "%%CITATION = HEP-TH/0505205;%%",
}
%%%%%%%%%%%%%%%%%%%%%%%%%%%%%%%%%%%%%%%%%%%%%%%%%%%%%%%%%%%%%%%%%%%%%%%%%%%%%%%%%%%%%%%%%
@article{Drummond:2009fd,
      author         = "Drummond, James M. and Henn, Johannes M. and Plefka, Jan",
      title          = "{Yangian symmetry of scattering amplitudes in N=4 super
                        Yang-Mills theory}",
      journal        = "JHEP",
      volume         = "0905",
      pages          = "046",
      doi            = "10.1088/1126-6708/2009/05/046",
      year           = "2009",
      eprint         = "0902.2987",
      archivePrefix  = "arXiv",
      primaryClass   = "hep-th",
      reportNumber   = "HU-EP-09-06, LAPTH-1308-09",
      SLACcitation   = "%%CITATION = ARXIV:0902.2987;%%",
}
%%%%%%%%%%%%%%%%%%%%%%%%%%%%%%%%%%%%%%%%%%%%%%%%%%%%%%%%%%%%%%%%%%%%%%%%%%%%%%%%%%%%%%%%%
@article{Alday:2009yn,
      author         = "Alday, Luis F. and Maldacena, Juan",
      title          = "{Null polygonal Wilson loops and minimal surfaces in
                        Anti-de-Sitter space}",
      journal        = "JHEP",
      volume         = "0911",
      pages          = "082",
      doi            = "10.1088/1126-6708/2009/11/082",
      year           = "2009",
      eprint         = "0904.0663",
      archivePrefix  = "arXiv",
      primaryClass   = "hep-th",
      SLACcitation   = "%%CITATION = ARXIV:0904.0663;%%",
}
%%%%%%%%%%%%%%%%%%%%%%%%%%%%%%%%%%%%%%%%%%%%%%%%%%%%%%%%%%%%%%%%%%%%%%%%%%%%%%%%%%%%%%%%%
@article{Alday:2007mf,
      author         = "Alday, Luis F. and Maldacena, Juan Martin",
      title          = "{Comments on operators with large spin}",
      journal        = "JHEP",
      volume         = "0711",
      pages          = "019",
      doi            = "10.1088/1126-6708/2007/11/019",
      year           = "2007",
      eprint         = "0708.0672",
      archivePrefix  = "arXiv",
      primaryClass   = "hep-th",
      SLACcitation   = "%%CITATION = ARXIV:0708.0672;%%",
}
%%%%%%%%%%%%%%%%%%%%%%%%%%%%%%%%%%%%%%%%%%%%%%%%%%%%%%%%%%%%%%%%%%%%%%%%%%%%%%%%%%%%%%%%%
@article{Alday:2007he,
      author         = "Alday, Luis F. and Maldacena, Juan",
      title          = "{Comments on gluon scattering amplitudes via AdS/CFT}",
      journal        = "JHEP",
      volume         = "0711",
      pages          = "068",
      doi            = "10.1088/1126-6708/2007/11/068",
      year           = "2007",
      eprint         = "0710.1060",
      archivePrefix  = "arXiv",
      primaryClass   = "hep-th",
      reportNumber   = "SPIN-07-41, ITP-UU-07-55",
      SLACcitation   = "%%CITATION = ARXIV:0710.1060;%%",
}
%%%%%%%%%%%%%%%%%%%%%%%%%%%%%%%%%%%%%%%%%%%%%%%%%%%%%%%%%%%%%%%%%%%%%%%%%%%%%%%%%%%%%%%%%
@article{Berkovits:2008ic,
      author         = "Berkovits, Nathan and Maldacena, Juan",
      title          = "{Fermionic T-Duality, Dual Superconformal Symmetry, and
                        the Amplitude/Wilson Loop Connection}",
      journal        = "JHEP",
      volume         = "0809",
      pages          = "062",
      doi            = "10.1088/1126-6708/2008/09/062",
      year           = "2008",
      eprint         = "0807.3196",
      archivePrefix  = "arXiv",
      primaryClass   = "hep-th",
      SLACcitation   = "%%CITATION = ARXIV:0807.3196;%%",
}
%%%%%%%%%%%%%%%%%%%%%%%%%%%%%%%%%%%%%%%%%%%%%%%%%%%%%%%%%%%%%%%%%%%%%%%%%%%%%%%%%%%%%%%%%
@article{Alday:2009dv,
      author         = "Alday, Luis F. and Gaiotto, Davide and Maldacena, Juan",
      title          = "{Thermodynamic Bubble Ansatz}",
      journal        = "JHEP",
      volume         = "1109",
      pages          = "032",
      doi            = "10.1007/JHEP09(2011)032",
      year           = "2011",
      eprint         = "0911.4708",
      archivePrefix  = "arXiv",
      primaryClass   = "hep-th",
      SLACcitation   = "%%CITATION = ARXIV:0911.4708;%%",
}
%%%%%%%%%%%%%%%%%%%%%%%%%%%%%%%%%%%%%%%%%%%%%%%%%%%%%%%%%%%%%%%%%%%%%%%%%%%%%%%%%%%%%%%%%
@article{Alday:2010vh,
      author         = "Alday, Luis F. and Maldacena, Juan and Sever, Amit and
                        Vieira, Pedro",
      title          = "{Y-system for Scattering Amplitudes}",
      journal        = "J.Phys.",
      volume         = "A43",
      pages          = "485401",
      doi            = "10.1088/1751-8113/43/48/485401",
      year           = "2010",
      eprint         = "1002.2459",
      archivePrefix  = "arXiv",
      primaryClass   = "hep-th",
      SLACcitation   = "%%CITATION = ARXIV:1002.2459;%%",
}
%%%%%%%%%%%%%%%%%%%%%%%%%%%%%%%%%%%%%%%%%%%%%%%%%%%%%%%%%%%%%%%%%%%%%%%%%%%%%%%%%%%%%%%%%
@article{Alday:2010ku,
      author         = "Alday, Luis F. and Gaiotto, Davide and Maldacena, Juan
                        and Sever, Amit and Vieira, Pedro",
      title          = "{An Operator Product Expansion for Polygonal null Wilson
                        Loops}",
      journal        = "JHEP",
      volume         = "1104",
      pages          = "088",
      doi            = "10.1007/JHEP04(2011)088",
      year           = "2011",
      eprint         = "1006.2788",
      archivePrefix  = "arXiv",
      primaryClass   = "hep-th",
      SLACcitation   = "%%CITATION = ARXIV:1006.2788;%%",
}
%%%%%%%%%%%%%%%%%%%%%%%%%%%%%%%%%%%%%%%%%%%%%%%%%%%%%%%%%%%%%%%%%%%%%%%%%%%%%%%%%%%%%%%%%
@article{Gaiotto:2010fk,
      author         = "Gaiotto, Davide and Maldacena, Juan and Sever, Amit and
                        Vieira, Pedro",
      title          = "{Bootstrapping Null Polygon Wilson Loops}",
      journal        = "JHEP",
      volume         = "1103",
      pages          = "092",
      doi            = "10.1007/JHEP03(2011)092",
      year           = "2011",
      eprint         = "1010.5009",
      archivePrefix  = "arXiv",
      primaryClass   = "hep-th",
      SLACcitation   = "%%CITATION = ARXIV:1010.5009;%%",
}
%%%%%%%%%%%%%%%%%%%%%%%%%%%%%%%%%%%%%%%%%%%%%%%%%%%%%%%%%%%%%%%%%%%%%%%%%%%%%%%%%%%%%%%%%
@article{Gaiotto:2011dt,
      author         = "Gaiotto, Davide and Maldacena, Juan and Sever, Amit and
                        Vieira, Pedro",
      title          = "{Pulling the straps of polygons}",
      journal        = "JHEP",
      volume         = "1112",
      pages          = "011",
      doi            = "10.1007/JHEP12(2011)011",
      year           = "2011",
      eprint         = "1102.0062",
      archivePrefix  = "arXiv",
      primaryClass   = "hep-th",
      SLACcitation   = "%%CITATION = ARXIV:1102.0062;%%",
}
%%%%%%%%%%%%%%%%%%%%%%%%%%%%%%%%%%%%%%%%%%%%%%%%%%%%%%%%%%%%%%%%%%%%%%%%%%%%%%%%%%%%%%%%%
@article{Maldacena:2010kp,
      author         = "Maldacena, Juan and Zhiboedov, Alexander",
      title          = "{Form factors at strong coupling via a Y-system}",
      journal        = "JHEP",
      volume         = "1011",
      pages          = "104",
      doi            = "10.1007/JHEP11(2010)104",
      year           = "2010",
      eprint         = "1009.1139",
      archivePrefix  = "arXiv",
      primaryClass   = "hep-th",
      SLACcitation   = "%%CITATION = ARXIV:1009.1139;%%",
}
%%%%%%%%%%%%%%%%%%%%%%%%%%%%%%%%%%%%%%%%%%%%%%%%%%%%%%%%%%%%%%%%%%%%%%%%%%%%%%%%%%%%%%%%%
@article{Correa:2012at,
      author         = "Correa, Diego and Henn, Johannes and Maldacena, Juan and
                        Sever, Amit",
      title          = "{An exact formula for the radiation of a moving quark in
                        N=4 super Yang Mills}",
      journal        = "JHEP",
      volume         = "1206",
      pages          = "048",
      doi            = "10.1007/JHEP06(2012)048",
      year           = "2012",
      eprint         = "1202.4455",
      archivePrefix  = "arXiv",
      primaryClass   = "hep-th",
      SLACcitation   = "%%CITATION = ARXIV:1202.4455;%%",
}
%%%%%%%%%%%%%%%%%%%%%%%%%%%%%%%%%%%%%%%%%%%%%%%%%%%%%%%%%%%%%%%%%%%%%%%%%%%%%%%%%%%%%%%%%
@article{Correa:2012nk,
      author         = "Correa, Diego and Henn, Johannes and Maldacena, Juan and
                        Sever, Amit",
      title          = "{The cusp anomalous dimension at three loops and beyond}",
      journal        = "JHEP",
      volume         = "1205",
      pages          = "098",
      doi            = "10.1007/JHEP05(2012)098",
      year           = "2012",
      eprint         = "1203.1019",
      archivePrefix  = "arXiv",
      primaryClass   = "hep-th",
      SLACcitation   = "%%CITATION = ARXIV:1203.1019;%%",
}
%%%%%%%%%%%%%%%%%%%%%%%%%%%%%%%%%%%%%%%%%%%%%%%%%%%%%%%%%%%%%%%%%%%%%%%%%%%%%%%%%%%%%%%%%
@article{Correa:2012hh,
      author         = "Correa, Diego and Maldacena, Juan and Sever, Amit",
      title          = "{The quark anti-quark potential and the cusp anomalous
                        dimension from a TBA equation}",
      journal        = "JHEP",
      volume         = "1208",
      pages          = "134",
      doi            = "10.1007/JHEP08(2012)134",
      year           = "2012",
      eprint         = "1203.1913",
      archivePrefix  = "arXiv",
      primaryClass   = "hep-th",
      SLACcitation   = "%%CITATION = ARXIV:1203.1913;%%",
}
%%%%%%%%%%%%%%%%%%%%%%%%%%%%%%%%%%%%%%%%%%%%%%%%%%%%%%%%%%%%%%%%%%%%%%%%%%%%%%%%%%%%%%%%%
@article{Rho:1999jm,
      author         = "Rho, Mannque and Sin, Sang-Jin and Zahed, Ismail",
      title          = "{Elastic parton-parton scattering from AdS / CFT}",
      journal        = "Phys.Lett.",
      volume         = "B466",
      pages          = "199-205",
      doi            = "10.1016/S0370-2693(99)01118-1",
      year           = "1999",
      eprint         = "hep-th/9907126",
      archivePrefix  = "arXiv",
      primaryClass   = "hep-th",
      reportNumber   = "KIAS-P99045, SACLAY-SPH-T-99-094",
      SLACcitation   = "%%CITATION = HEP-TH/9907126;%%",
}
%%%%%%%%%%%%%%%%%%%%%%%%%%%%%%%%%%%%%%%%%%%%%%%%%%%%%%%%%%%%%%%%%%%%%%%%%%%%%%%%%%%%%%%%%
@article{Janik:1999zk,
      author         = "Janik, R A. and Peschanski, Robert B.",
      title          = "{High-energy scattering and the AdS / CFT
                        correspondence}",
      journal        = "Nucl.Phys.",
      volume         = "B565",
      pages          = "193-209",
      doi            = "10.1016/S0550-3213(99)00651-3",
      year           = "2000",
      eprint         = "hep-th/9907177",
      archivePrefix  = "arXiv",
      primaryClass   = "hep-th",
      reportNumber   = "SACLAY-SPH-T-99-079",
      SLACcitation   = "%%CITATION = HEP-TH/9907177;%%",
}
%%%%%%%%%%%%%%%%%%%%%%%%%%%%%%%%%%%%%%%%%%%%%%%%%%%%%%%%%%%%%%%%%%%%%%%%%%%%%%%%%%%%%%%%%
@article{Janik:2000aj,
      author         = "Janik, R A. and Peschanski, Robert B.",
      title          = "{Minimal surfaces and Reggeization in the AdS / CFT
                        correspondence}",
      journal        = "Nucl.Phys.",
      volume         = "B586",
      pages          = "163-182",
      doi            = "10.1016/S0550-3213(00)00405-3",
      year           = "2000",
      eprint         = "hep-th/0003059",
      archivePrefix  = "arXiv",
      primaryClass   = "hep-th",
      SLACcitation   = "%%CITATION = HEP-TH/0003059;%%",
}
%%%%%%%%%%%%%%%%%%%%%%%%%%%%%%%%%%%%%%%%%%%%%%%%%%%%%%%%%%%%%%%%%%%%%%%%%%%%%%%%%%%%%%%%%
@article{McGreevy:2007kt,
      author         = "McGreevy, John and Sever, Amit",
      title          = "{Quark scattering amplitudes at strong coupling}",
      journal        = "JHEP",
      volume         = "0802",
      pages          = "015",
      doi            = "10.1088/1126-6708/2008/02/015",
      year           = "2008",
      eprint         = "0710.0393",
      archivePrefix  = "arXiv",
      primaryClass   = "hep-th",
      reportNumber   = "BRX-TH-591, MIT-CTP-3871",
      SLACcitation   = "%%CITATION = ARXIV:0710.0393;%%",
}
%%%%%%%%%%%%%%%%%%%%%%%%%%%%%%%%%%%%%%%%%%%%%%%%%%%%%%%%%%%%%%%%%%%%%%%%%%%%%%%%%%%%%%%%%
@article{Komargodski:2007er,
      author         = "Komargodski, Zohar and Razamat, Shlomo S.",
      title          = "{Planar quark scattering at strong coupling and
                        universality}",
      journal        = "JHEP",
      volume         = "0801",
      pages          = "044",
      doi            = "10.1088/1126-6708/2008/01/044",
      year           = "2008",
      eprint         = "0707.4367",
      archivePrefix  = "arXiv",
      primaryClass   = "hep-th",
      reportNumber   = "WIS-11-07-JUL-DPP",
      SLACcitation   = "%%CITATION = ARXIV:0707.4367;%%",
}
%%%%%%%%%%%%%%%%%%%%%%%%%%%%%%%%%%%%%%%%%%%%%%%%%%%%%%%%%%%%%%%%%%%%%%%%%%%%%%%%%%%%%%%%%
@article{Barnes:2009ag,
      author         = "Barnes, Edwin and Vaman, Diana",
      title          = "{Massive quark scattering at strong coupling from
                        AdS/CFT}",
      journal        = "Phys.Rev.",
      volume         = "D81",
      pages          = "126007",
      doi            = "10.1103/PhysRevD.81.126007",
      year           = "2010",
      eprint         = "0911.0010",
      archivePrefix  = "arXiv",
      primaryClass   = "hep-th",
      SLACcitation   = "%%CITATION = ARXIV:0911.0010;%%",
}
%%%%%%%%%%%%%%%%%%%%%%%%%%%%%%%%%%%%%%%%%%%%%%%%%%%%%%%%%%%%%%%%%%%%%%%%%%%%%%%%%%%%%%%%%
@article{Giordano:2011ua,
      author         = "Giordano, Matteo and Peschanski, Robi and Seki,
                        Shigenori",
      title          = "{Eikonal Approach to N=4 SYM Regge Amplitudes in the
                        AdS/CFT Correspondence}",
      journal        = "Acta Phys.Polon.",
      volume         = "B43",
      pages          = "1289-1332",
      doi            = "10.5506/APhysPolB.43.1289",
      year           = "2012",
      eprint         = "1110.3680",
      archivePrefix  = "arXiv",
      primaryClass   = "hep-th",
      reportNumber   = "IHES-P-11-24",
      SLACcitation   = "%%CITATION = ARXIV:1110.3680;%%",
}
%%%%%%%%%%%%%%%%%%%%%%%%%%%%%%%%%%%%%%%%%%%%%%%%%%%%%%%%%%%%%%%%%%%%%%%%%%%%%%%%%%%%%%%%%
@article{Moliere:1947zza,
      author         = "Moli\`{e}re, G.",
      title          = "{Theorie der Streuung schneller geladener Teilchen I.
                        Einzelstreuung am abgeschirmten Coulomb-Feld}",
      journal        = "Z.Naturforsch.",
      volume         = "A2",
      pages          = "133",
      year           = "1947",
      SLACcitation   = "%%CITATION = ZNTFA,A2,133;%%",
}
%%%%%%%%%%%%%%%%%%%%%%%%%%%%%%%%%%%%%%%%%%%%%%%%%%%%%%%%%%%%%%%%%%%%%%%%%%%%%%%%%%%%%%%%%
@article{Shabad1965629,
	author = "A.Ye. Shabad",
	title = "Coulomb Regge poles in quantum electrodynamics",
	journal = "Nucl. Phys.",
	volume = "74",
	number = "3",
	pages = "629 - 641",
	year = "1965",
	doi = "http://dx.doi.org/10.1016/0029-5582(65)90209-9",
}
%%%%%%%%%%%%%%%%%%%%%%%%%%%%%%%%%%%%%%%%%%%%%%%%%%%%%%%%%%%%%%%%%%%%%%%%%%%%%%%%%%%%%%%%%
@article{PhysRevLett.9.235,
  title = {Electromagnetic Radiative Corrections and the Elementary Nature of the Photon},
  author = {L\'evy, Maurice},
  journal = {Phys. Rev. Lett.},
  volume = {9},
  issue = {5},
  pages = {235--238},
  year = {1962},
  month = {Sep},
  doi = {10.1103/PhysRevLett.9.235},
  publisher = {American Physical Society}
}
%%%%%%%%%%%%%%%%%%%%%%%%%%%%%%%%%%%%%%%%%%%%%%%%%%%%%%%%%%%%%%%%%%%%%%%%%%%%%%%%%%%%%%%%%
@article{Yennie1961379,
	author = "D.R Yennie and S.C Frautschi and H Suura",
	title = "The infrared divergence phenomena and high-energy processes ",
	journal = "Ann. Phys. ",
	volume = "13",
	number = "3",
	pages = "379 - 452",
	year = "1961",
	note = "",
	issn = "0003-4916",
	doi = "http://dx.doi.org/10.1016/0003-4916(61)90151-8",
}
%%%%%%%%%%%%%%%%%%%%%%%%%%%%%%%%%%%%%%%%%%%%%%%%%%%%%%%%%%%%%%%%%%%%%%%%%%%%%%%%%%%%%%%%%
@article{PhysRev.52.54,
  title = {Note on the Radiation Field of the Electron},
  author = {Bloch, F. and Nordsieck, A.},
  journal = {Phys. Rev.},
  volume = {52},
  issue = {2},
  pages = {54--59},
  year = {1937},
  month = {Jul},
  doi = {10.1103/PhysRev.52.54},
  publisher = {American Physical Society}
}
%%%%%%%%%%%%%%%%%%%%%%%%%%%%%%%%%%%%%%%%%%%%%%%%%%%%%%%%%%%%%%%%%%%%%%%%%%%%%%%%%%%%%%%%%
@article{Brower:2007qh,
      author         = "Brower, Richard C. and Strassler, Matthew J. and Tan,
                        Chung-I",
      title          = "{On the eikonal approximation in AdS space}",
      journal        = "JHEP",
      volume         = "0903",
      pages          = "050",
      doi            = "10.1088/1126-6708/2009/03/050",
      year           = "2009",
      eprint         = "0707.2408",
      archivePrefix  = "arXiv",
      primaryClass   = "hep-th",
      SLACcitation   = "%%CITATION = ARXIV:0707.2408;%%",
}
%%%%%%%%%%%%%%%%%%%%%%%%%%%%%%%%%%%%%%%%%%%%%%%%%%%%%%%%%%%%%%%%%%%%%%%%%%%%%%%%%%%%%%%%%
@article{Schmidt:1993rk,
      author         = "Schmidt, Michael G. and Schubert, Christian",
      title          = "{On the calculation of effective actions by string
                        methods}",
      journal        = "Phys.Lett.",
      volume         = "B318",
      pages          = "438-446",
      doi            = "10.1016/0370-2693(93)91537-W",
      year           = "1993",
      eprint         = "hep-th/9309055",
      archivePrefix  = "arXiv",
      primaryClass   = "hep-th",
      reportNumber   = "HD-THEP-93-24",
      SLACcitation   = "%%CITATION = HEP-TH/9309055;%%",
}
%%%%%%%%%%%%%%%%%%%%%%%%%%%%%%%%%%%%%%%%%%%%%%%%%%%%%%%%%%%%%%%%%%%%%%%%%%%%%%%%%%%%%%%%%
@article{Schubert:2001he,
      author         = "Schubert, Christian",
      title          = "{Perturbative quantum field theory in the string inspired
                        formalism}",
      journal        = "Phys.Rept.",
      volume         = "355",
      pages          = "73-234",
      doi            = "10.1016/S0370-1573(01)00013-8",
      year           = "2001",
      eprint         = "hep-th/0101036",
      archivePrefix  = "arXiv",
      primaryClass   = "hep-th",
      reportNumber   = "LAPTH-761-99",
      SLACcitation   = "%%CITATION = HEP-TH/0101036;%%",
}
%%%%%%%%%%%%%%%%%%%%%%%%%%%%%%%%%%%%%%%%%%%%%%%%%%%%%%%%%%%%%%%%%%%%%%%%%%%%%%%%%%%%%%%%%
@article{Kosower:1987ic,
      author         = "Kosower, David and Lee, Bum-Hoon and Nair, V P.",
      title          = "{Multi gluon scattering: a string based calculation}",
      journal        = "Phys.Lett.",
      volume         = "B201",
      pages          = "85",
      doi            = "10.1016/0370-2693(88)90085-8",
      year           = "1988",
      reportNumber   = "CU-TP-378",
      SLACcitation   = "%%CITATION = PHLTA,B201,85;%%",
}
%%%%%%%%%%%%%%%%%%%%%%%%%%%%%%%%%%%%%%%%%%%%%%%%%%%%%%%%%%%%%%%%%%%%%%%%%%%%%%%%%%%%%%%%%
@book{Polchinski1,
	  author = {Polchinski, J.},
	  title = {String Theory},
	  volume = {1},
	  year = {2005},
	  publisher = {Cambridge University Press}
}
%%%%%%%%%%%%%%%%%%%%%%%%%%%%%%%%%%%%%%%%%%%%%%%%%%%%%%%%%%%%%%%%%%%%%%%%%%%%%%%%%%%%%%%%%
@book{GSW1,
	  author = {Green, M B. and Schwarz, J H. and Witten, E.},
	  title = {Superstring Theory},
	  volume = {1},
	  year = {1988},
	  publisher = {Cambridge University Press}
}
%%%%%%%%%%%%%%%%%%%%%%%%%%%%%%%%%%%%%%%%%%%%%%%%%%%%%%%%%%%%%%%%%%%%%%%%%%%%%%%%%%%%%%%%%
@article{Salpeter:1951sz,
      author         = "Salpeter, E E. and Bethe, H A.",
      title          = "{A Relativistic equation for bound state problems}",
      journal        = "Phys.Rev.",
      volume         = "84",
      pages          = "1232-1242",
      doi            = "10.1103/PhysRev.84.1232",
      year           = "1951",
      SLACcitation   = "%%CITATION = PHRVA,84,1232;%%",
}
%%%%%%%%%%%%%%%%%%%%%%%%%%%%%%%%%%%%%%%%%%%%%%%%%%%%%%%%%%%%%%%%%%%%%%%%%%%%%%%%%%%%%%%%%

%%%%%%%%%%%%%%%%%%%%%%%%%%%%%%%%%%%%%%%%%%%%%%%%%%%%%%%%%%%%%%%%%%%%%%%%%%%%%%%%%%%%%%%%%

%%%%%%%%%%%%%%%%%%%%%%%%%%%%%%%%%%%%%%%%%%%%%%%%%%%%%%%%%%%%%%%%%%%%%%%%%%%%%%%%%%%%%%%%%

%%%%%%%%%%%%%%%%%%%%%%%%%%%%%%%%%%%%%%%%%%%%%%%%%%%%%%%%%%%%%%%%%%%%%%%%%%%%%%%%%%%%%%%%%

%%%%%%%%%%%%%%%%%%%%%%%%%%%%%%%%%%%%%%%%%%%%%%%%%%%%%%%%%%%%%%%%%%%%%%%%%%%%%%%%%%%%%%%%%

%%%%%%%%%%%%%%%%%%%%%%%%%%%%%%%%%%%%%%%%%%%%%%%%%%%%%%%%%%%%%%%%%%%%%%%%%%%%%%%%%%%%%%%%%

%%%%%%%%%%%%%%%%%%%%%%%%%%%%%%%%%%%%%%%%%%%%%%%%%%%%%%%%%%%%%%%%%%%%%%%%%%%%%%%%%%%%%%%%%

%%%%%%%%%%%%%%%%%%%%%%%%%%%%%%%%%%%%%%%%%%%%%%%%%%%%%%%%%%%%%%%%%%%%%%%%%%%%%%%%%%%%%%%%%

%%%%%%%%%%%%%%%%%%%%%%%%%%%%%%%%%%%%%%%%%%%%%%%%%%%%%%%%%%%%%%%%%%%%%%%%%%%%%%%%%%%%%%%%%

%%%%%%%%%%%%%%%%%%%%%%%%%%%%%%%%%%%%%%%%%%%%%%%%%%%%%%%%%%%%%%%%%%%%%%%%%%%%%%%%%%%%%%%%%

%%%%%%%%%%%%%%%%%%%%%%%%%%%%%%%%%%%%%%%%%%%%%%%%%%%%%%%%%%%%%%%%%%%%%%%%%%%%%%%%%%%%%%%%%

%%%%%%%%%%%%%%%%%%%%%%%%%%%%%%%%%%%%%%%%%%%%%%%%%%%%%%%%%%%%%%%%%%%%%%%%%%%%%%%%%%%%%%%%%

%%%%%%%%%%%%%%%%%%%%%%%%%%%%%%%%%%%%%%%%%%%%%%%%%%%%%%%%%%%%%%%%%%%%%%%%%%%%%%%%%%%%%%%%%

%%%%%%%%%%%%%%%%%%%%%%%%%%%%%%%%%%%%%%%%%%%%%%%%%%%%%%%%%%%%%%%%%%%%%%%%%%%%%%%%%%%%%%%%%

%%%%%%%%%%%%%%%%%%%%%%%%%%%%%%%%%%%%%%%%%%%%%%%%%%%%%%%%%%%%%%%%%%%%%%%%%%%%%%%%%%%%%%%%%

%%%%%%%%%%%%%%%%%%%%%%%%%%%%%%%%%%%%%%%%%%%%%%%%%%%%%%%%%%%%%%%%%%%%%%%%%%%%%%%%%%%%%%%%%

%%%%%%%%%%%%%%%%%%%%%%%%%%%%%%%%%%%%%%%%%%%%%%%%%%%%%%%%%%%%%%%%%%%%%%%%%%%%%%%%%%%%%%%%%

%%%%%%%%%%%%%%%%%%%%%%%%%%%%%%%%%%%%%%%%%%%%%%%%%%%%%%%%%%%%%%%%%%%%%%%%%%%%%%%%%%%%%%%%%

%%%%%%%%%%%%%%%%%%%%%%%%%%%%%%%%%%%%%%%%%%%%%%%%%%%%%%%%%%%%%%%%%%%%%%%%%%%%%%%%%%%%%%%%%

%%%%%%%%%%%%%%%%%%%%%%%%%%%%%%%%%%%%%%%%%%%%%%%%%%%%%%%%%%%%%%%%%%%%%%%%%%%%%%%%%%%%%%%%%

%%%%%%%%%%%%%%%%%%%%%%%%%%%%%%%%%%%%%%%%%%%%%%%%%%%%%%%%%%%%%%%%%%%%%%%%%%%%%%%%%%%%%%%%%

%%%%%%%%%%%%%%%%%%%%%%%%%%%%%%%%%%%%%%%%%%%%%%%%%%%%%%%%%%%%%%%%%%%%%%%%%%%%%%%%%%%%%%%%%

%%%%%%%%%%%%%%%%%%%%%%%%%%%%%%%%%%%%%%%%%%%%%%%%%%%%%%%%%%%%%%%%%%%%%%%%%%%%%%%%%%%%%%%%%

%%%%%%%%%%%%%%%%%%%%%%%%%%%%%%%%%%%%%%%%%%%%%%%%%%%%%%%%%%%%%%%%%%%%%%%%%%%%%%%%%%%%%%%%%

%%%%%%%%%%%%%%%%%%%%%%%%%%%%%%%%%%%%%%%%%%%%%%%%%%%%%%%%%%%%%%%%%%%%%%%%%%%%%%%%%%%%%%%%%

%%%%%%%%%%%%%%%%%%%%%%%%%%%%%%%%%%%%%%%%%%%%%%%%%%%%%%%%%%%%%%%%%%%%%%%%%%%%%%%%%%%%%%%%%

%%%%%%%%%%%%%%%%%%%%%%%%%%%%%%%%%%%%%%%%%%%%%%%%%%%%%%%%%%%%%%%%%%%%%%%%%%%%%%%%%%%%%%%%%

%%%%%%%%%%%%%%%%%%%%%%%%%%%%%%%%%%%%%%%%%%%%%%%%%%%%%%%%%%%%%%%%%%%%%%%%%%%%%%%%%%%%%%%%%

%%%%%%%%%%%%%%%%%%%%%%%%%%%%%%%%%%%%%%%%%%%%%%%%%%%%%%%%%%%%%%%%%%%%%%%%%%%%%%%%%%%%%%%%%

%%%%%%%%%%%%%%%%%%%%%%%%%%%%%%%%%%%%%%%%%%%%%%%%%%%%%%%%%%%%%%%%%%%%%%%%%%%%%%%%%%%%%%%%%

%%%%%%%%%%%%%%%%%%%%%%%%%%%%%%%%%%%%%%%%%%%%%%%%%%%%%%%%%%%%%%%%%%%%%%%%%%%%%%%%%%%%%%%%%

%%%%%%%%%%%%%%%%%%%%%%%%%%%%%%%%%%%%%%%%%%%%%%%%%%%%%%%%%%%%%%%%%%%%%%%%%%%%%%%%%%%%%%%%%

%%%%%%%%%%%%%%%%%%%%%%%%%%%%%%%%%%%%%%%%%%%%%%%%%%%%%%%%%%%%%%%%%%%%%%%%%%%%%%%%%%%%%%%%%

%%%%%%%%%%%%%%%%%%%%%%%%%%%%%%%%%%%%%%%%%%%%%%%%%%%%%%%%%%%%%%%%%%%%%%%%%%%%%%%%%%%%%%%%%

%%%%%%%%%%%%%%%%%%%%%%%%%%%%%%%%%%%%%%%%%%%%%%%%%%%%%%%%%%%%%%%%%%%%%%%%%%%%%%%%%%%%%%%%%

%%%%%%%%%%%%%%%%%%%%%%%%%%%%%%%%%%%%%%%%%%%%%%%%%%%%%%%%%%%%%%%%%%%%%%%%%%%%%%%%%%%%%%%%%

%%%%%%%%%%%%%%%%%%%%%%%%%%%%%%%%%%%%%%%%%%%%%%%%%%%%%%%%%%%%%%%%%%%%%%%%%%%%%%%%%%%%%%%%%

%%%%%%%%%%%%%%%%%%%%%%%%%%%%%%%%%%%%%%%%%%%%%%%%%%%%%%%%%%%%%%%%%%%%%%%%%%%%%%%%%%%%%%%%%

%%%%%%%%%%%%%%%%%%%%%%%%%%%%%%%%%%%%%%%%%%%%%%%%%%%%%%%%%%%%%%%%%%%%%%%%%%%%%%%%%%%%%%%%%

%%%%%%%%%%%%%%%%%%%%%%%%%%%%%%%%%%%%%%%%%%%%%%%%%%%%%%%%%%%%%%%%%%%%%%%%%%%%%%%%%%%%%%%%%

%%%%%%%%%%%%%%%%%%%%%%%%%%%%%%%%%%%%%%%%%%%%%%%%%%%%%%%%%%%%%%%%%%%%%%%%%%%%%%%%%%%%%%%%%

%%%%%%%%%%%%%%%%%%%%%%%%%%%%%%%%%%%%%%%%%%%%%%%%%%%%%%%%%%%%%%%%%%%%%%%%%%%%%%%%%%%%%%%%%

%%%%%%%%%%%%%%%%%%%%%%%%%%%%%%%%%%%%%%%%%%%%%%%%%%%%%%%%%%%%%%%%%%%%%%%%%%%%%%%%%%%%%%%%%

%%%%%%%%%%%%%%%%%%%%%%%%%%%%%%%%%%%%%%%%%%%%%%%%%%%%%%%%%%%%%%%%%%%%%%%%%%%%%%%%%%%%%%%%%

%%%%%%%%%%%%%%%%%%%%%%%%%%%%%%%%%%%%%%%%%%%%%%%%%%%%%%%%%%%%%%%%%%%%%%%%%%%%%%%%%%%%%%%%%

%%%%%%%%%%%%%%%%%%%%%%%%%%%%%%%%%%%%%%%%%%%%%%%%%%%%%%%%%%%%%%%%%%%%%%%%%%%%%%%%%%%%%%%%%

%%%%%%%%%%%%%%%%%%%%%%%%%%%%%%%%%%%%%%%%%%%%%%%%%%%%%%%%%%%%%%%%%%%%%%%%%%%%%%%%%%%%%%%%%

%%%%%%%%%%%%%%%%%%%%%%%%%%%%%%%%%%%%%%%%%%%%%%%%%%%%%%%%%%%%%%%%%%%%%%%%%%%%%%%%%%%%%%%%%

%%%%%%%%%%%%%%%%%%%%%%%%%%%%%%%%%%%%%%%%%%%%%%%%%%%%%%%%%%%%%%%%%%%%%%%%%%%%%%%%%%%%%%%%%

%%%%%%%%%%%%%%%%%%%%%%%%%%%%%%%%%%%%%%%%%%%%%%%%%%%%%%%%%%%%%%%%%%%%%%%%%%%%%%%%%%%%%%%%%

%%%%%%%%%%%%%%%%%%%%%%%%%%%%%%%%%%%%%%%%%%%%%%%%%%%%%%%%%%%%%%%%%%%%%%%%%%%%%%%%%%%%%%%%%

%%%%%%%%%%%%%%%%%%%%%%%%%%%%%%%%%%%%%%%%%%%%%%%%%%%%%%%%%%%%%%%%%%%%%%%%%%%%%%%%%%%%%%%%%

%%%%%%%%%%%%%%%%%%%%%%%%%%%%%%%%%%%%%%%%%%%%%%%%%%%%%%%%%%%%%%%%%%%%%%%%%%%%%%%%%%%%%%%%%

%%%%%%%%%%%%%%%%%%%%%%%%%%%%%%%%%%%%%%%%%%%%%%%%%%%%%%%%%%%%%%%%%%%%%%%%%%%%%%%%%%%%%%%%%

%%%%%%%%%%%%%%%%%%%%%%%%%%%%%%%%%%%%%%%%%%%%%%%%%%%%%%%%%%%%%%%%%%%%%%%%%%%%%%%%%%%%%%%%%

%%%%%%%%%%%%%%%%%%%%%%%%%%%%%%%%%%%%%%%%%%%%%%%%%%%%%%%%%%%%%%%%%%%%%%%%%%%%%%%%%%%%%%%%%

%%%%%%%%%%%%%%%%%%%%%%%%%%%%%%%%%%%%%%%%%%%%%%%%%%%%%%%%%%%%%%%%%%%%%%%%%%%%%%%%%%%%%%%%%

%%%%%%%%%%%%%%%%%%%%%%%%%%%%%%%%%%%%%%%%%%%%%%%%%%%%%%%%%%%%%%%%%%%%%%%%%%%%%%%%%%%%%%%%%

%%%%%%%%%%%%%%%%%%%%%%%%%%%%%%%%%%%%%%%%%%%%%%%%%%%%%%%%%%%%%%%%%%%%%%%%%%%%%%%%%%%%%%%%%

%%%%%%%%%%%%%%%%%%%%%%%%%%%%%%%%%%%%%%%%%%%%%%%%%%%%%%%%%%%%%%%%%%%%%%%%%%%%%%%%%%%%%%%%%

%%%%%%%%%%%%%%%%%%%%%%%%%%%%%%%%%%%%%%%%%%%%%%%%%%%%%%%%%%%%%%%%%%%%%%%%%%%%%%%%%%%%%%%%%

%%%%%%%%%%%%%%%%%%%%%%%%%%%%%%%%%%%%%%%%%%%%%%%%%%%%%%%%%%%%%%%%%%%%%%%%%%%%%%%%%%%%%%%%%

%%%%%%%%%%%%%%%%%%%%%%%%%%%%%%%%%%%%%%%%%%%%%%%%%%%%%%%%%%%%%%%%%%%%%%%%%%%%%%%%%%%%%%%%%

%%%%%%%%%%%%%%%%%%%%%%%%%%%%%%%%%%%%%%%%%%%%%%%%%%%%%%%%%%%%%%%%%%%%%%%%%%%%%%%%%%%%%%%%%

%%%%%%%%%%%%%%%%%%%%%%%%%%%%%%%%%%%%%%%%%%%%%%%%%%%%%%%%%%%%%%%%%%%%%%%%%%%%%%%%%%%%%%%%%

%%%%%%%%%%%%%%%%%%%%%%%%%%%%%%%%%%%%%%%%%%%%%%%%%%%%%%%%%%%%%%%%%%%%%%%%%%%%%%%%%%%%%%%%%

%%%%%%%%%%%%%%%%%%%%%%%%%%%%%%%%%%%%%%%%%%%%%%%%%%%%%%%%%%%%%%%%%%%%%%%%%%%%%%%%%%%%%%%%%

%%%%%%%%%%%%%%%%%%%%%%%%%%%%%%%%%%%%%%%%%%%%%%%%%%%%%%%%%%%%%%%%%%%%%%%%%%%%%%%%%%%%%%%%%

%%%%%%%%%%%%%%%%%%%%%%%%%%%%%%%%%%%%%%%%%%%%%%%%%%%%%%%%%%%%%%%%%%%%%%%%%%%%%%%%%%%%%%%%%

%%%%%%%%%%%%%%%%%%%%%%%%%%%%%%%%%%%%%%%%%%%%%%%%%%%%%%%%%%%%%%%%%%%%%%%%%%%%%%%%%%%%%%%%%

%%%%%%%%%%%%%%%%%%%%%%%%%%%%%%%%%%%%%%%%%%%%%%%%%%%%%%%%%%%%%%%%%%%%%%%%%%%%%%%%%%%%%%%%%

%%%%%%%%%%%%%%%%%%%%%%%%%%%%%%%%%%%%%%%%%%%%%%%%%%%%%%%%%%%%%%%%%%%%%%%%%%%%%%%%%%%%%%%%%

%%%%%%%%%%%%%%%%%%%%%%%%%%%%%%%%%%%%%%%%%%%%%%%%%%%%%%%%%%%%%%%%%%%%%%%%%%%%%%%%%%%%%%%%%

%%%%%%%%%%%%%%%%%%%%%%%%%%%%%%%%%%%%%%%%%%%%%%%%%%%%%%%%%%%%%%%%%%%%%%%%%%%%%%%%%%%%%%%%%